
@incollection{abts_analytische_2017,
	address = {Wiesbaden},
	title = {Analytische {Informationssysteme}},
	isbn = {978-3-658-16378-5 978-3-658-16379-2},
	url = {http://link.springer.com/10.1007/978-3-658-16379-2_9},
	language = {de},
	urldate = {2022-04-13},
	booktitle = {Grundkurs {Wirtschaftsinformatik}},
	publisher = {Springer Fachmedien Wiesbaden},
	author = {Abts, Dietmar and Mülder, Wilhelm},
	collaborator = {Abts, Dietmar and Mülder, Wilhelm},
	year = {2017},
	doi = {10.1007/978-3-658-16379-2_9},
	pages = {269--303},
	file = {Abts und Mülder - 2017 - Analytische Informationssysteme.pdf:files/548/Abts und Mülder - 2017 - Analytische Informationssysteme.pdf:application/pdf},
}

@misc{noauthor_gfk_nodate,
	title = {{GfK} {eBUS}® - {Konsumentenbefragung} \& {Marktforschung}},
	url = {https://www.gfk.com/de/produkte/gfk-omnibus},
	abstract = {Wöchentliche GfK Befragung von 1000 Personen zum Kaufverhalten mit Ihren Fragen. Kaufen Sie preislich vergünstigt passgenaue Fragenpakete \& Auswertungen.},
	language = {de},
	urldate = {2022-04-13},
	file = {GfK eBUS® - Konsumentenbefragung & Marktforschung.pdf:files/553/GfK eBUS® - Konsumentenbefragung & Marktforschung.pdf:application/pdf;Snapshot:files/552/gfk-omnibus.html:text/html},
}

@misc{noauthor_reiseziele_nodate,
	title = {Reiseziele der {Deutschen} 2022},
	url = {https://de.statista.com/statistik/daten/studie/217688/umfrage/reiseziele-der-deutschen/},
	abstract = {Den Umfrageergebnissen der Deutschen Tourismusanalyse der BAT-Stiftung für Zukunftsfragen, einer der wichtigsten Tourismusstudien des Landes zufolge, planen rund 30,6 Prozent der deutschen Bevölkerung im Jahr 2022 eine Urlaubsreise von mindestens fünf Tagen Dauer in Deutschland zu verbringen.},
	language = {de},
	urldate = {2022-04-13},
	journal = {Statista},
	file = {Snapshot:files/556/reiseziele-der-deutschen.html:text/html;statistic_id217688_geplante-reiseziele-der-deutschen-2022(1).pdf:files/554/statistic_id217688_geplante-reiseziele-der-deutschen-2022(1).pdf:application/pdf},
}

@misc{noauthor_reisen_nodate,
	title = {Reisen und {Kultur} - {Abgeschlossene} {Reiseversicherungen} deutscher {Reisenden} 2016},
	url = {https://de.statista.com/statistik/daten/studie/603039/umfrage/umfrage-unter-deutschen-reisenden-zu-abgeschlossenen-reiseversicherungen/},
	abstract = {Die Statistik zeigt das Ergebnis einer Umfrage unter deutschen Reisenden zu abgeschlossenen Reiseversicherungen im Jahr 2016.},
	language = {de},
	urldate = {2022-04-13},
	journal = {Statista},
	file = {Reisen und Kultur - Abgeschlossene Reiseversicheru.pdf:files/559/Reisen und Kultur - Abgeschlossene Reiseversicheru.pdf:application/pdf;Snapshot:files/558/umfrage-unter-deutschen-reisenden-zu-abgeschlossenen-reiseversicherungen.html:text/html},
}

@misc{noauthor_text_nodate,
	title = {Text {Mining} und {Data} {Mining} im {Big} {Data} {Zeitalter}},
	url = {https://averbis.com/de/text-mining/},
	abstract = {Was bedeutet Text Mining? Worin besteht der Unterschied zu Data Mining. Finden Sie hier interessante Informationen und Erklärungen.},
	language = {de-DE},
	urldate = {2022-04-13},
	journal = {Averbis GmbH},
	file = {Snapshot:files/561/text-mining.html:text/html},
}

@misc{noauthor_what_2021,
	title = {What is {Text} {Mining}?},
	url = {https://www.ibm.com/cloud/learn/text-mining},
	abstract = {Learn about text mining, which is the practice of analyzing vast collections of textual materials to capture key concepts, trends and hidden relationships.},
	language = {en-us},
	urldate = {2022-04-13},
	month = jan,
	year = {2021},
	file = {Snapshot:files/563/text-mining.html:text/html},
}

@book{noauthor_grundkurs_nodate,
	title = {Grundkurs {Wirtschaftsinformatik}},
	isbn = {978-3-658-16378-5},
	file = {Grundkurs Wirtschaftsinformatik, Kapitel 9.pdf:files/596/978-3-658-16379-2_9.pdf:application/pdf;Grundkurs Wirtschaftsinformatik, Kapitel 10:files/594/Grundkurs Wirtschaftsinformatik, Kapitel 10.pdf:application/pdf;Grundkurs Wirtschaftsinformatik, Kapitel 99:files/669/Grundkurs Wirtschaftsinformatik, Kapitel 99.pdf:application/pdf},
}

@book{inmon_building_2005,
	address = {Indianapolis, Ind},
	edition = {4th ed},
	title = {Building the data warehouse},
	isbn = {978-0-7645-9944-6},
	language = {en},
	publisher = {Wiley},
	author = {Inmon, William H.},
	year = {2005},
	keywords = {Data warehousing, Database management},
	file = {Inmon - 2005 - Building the data warehouse.pdf:files/670/Inmon - 2005 - Building the data warehouse.pdf:application/pdf},
}

@book{navrade_strategische_2008,
	address = {Wiesbaden},
	edition = {1. Aufl},
	series = {Gabler {Edition} {Wissenschaft}},
	title = {Strategische {Planung} mit {Data}-{Warehouse}-{Systemen}},
	isbn = {978-3-8349-1034-9},
	language = {de},
	publisher = {Gabler},
	author = {Navrade, Frank},
	year = {2008},
	file = {Navrade - 2008 - Strategische Planung mit Data-Warehouse-Systemen.pdf:files/689/Navrade - 2008 - Strategische Planung mit Data-Warehouse-Systemen.pdf:application/pdf},
}

@book{farkisch_data-warehouse-systeme_2011,
	address = {Berlin, Heidelberg},
	series = {Xpert.press},
	title = {Data-{Warehouse}-{Systeme} kompakt},
	isbn = {978-3-642-21532-2 978-3-642-21533-9},
	url = {http://link.springer.com/10.1007/978-3-642-21533-9},
	language = {de},
	urldate = {2022-04-15},
	publisher = {Springer Berlin Heidelberg},
	author = {Farkisch, Kiumars},
	year = {2011},
	doi = {10.1007/978-3-642-21533-9},
	file = {Farkisch - 2011 - Data-Warehouse-Systeme kompakt.pdf:files/706/Farkisch - 2011 - Data-Warehouse-Systeme kompakt.pdf:application/pdf},
}

@misc{noauthor_httpsstatic-contentspringercompdfart3a1013652fs40702-021-00799-9pdftoken1650049552390--4d41a106f6900fd309f79ece59add27afecdcefe71ad520bd4cac41adfed2ef9b3a9a48fe5053e3106a2c80175739f1dc08305279726e1eef6ed1abe122ce7d8_nodate,
	title = {https://static-content.springer.com/pdf/art\%{3A10}.1365\%{2Fs40702}-021-00799-9.pdf?token=1650049552390--4d41a106f6900fd309f79ece59add27afecdcefe71ad520bd4cac41adfed2ef9b3a9a48fe5053e3106a2c80175739f1dc08305279726e1eef6ed1abe122ce7d8},
	url = {https://static-content.springer.com/pdf/art%3A10.1365%2Fs40702-021-00799-9.pdf?token=1650049552390--4d41a106f6900fd309f79ece59add27afecdcefe71ad520bd4cac41adfed2ef9b3a9a48fe5053e3106a2c80175739f1dc08305279726e1eef6ed1abe122ce7d8},
	urldate = {2022-04-15},
}

@book{bauer_data-warehouse-systeme_2013,
	address = {Heidelberg},
	edition = {4., überarb. und erw. Aufl},
	title = {Data-{Warehouse}-{Systeme}: {Architektur}, {Entwicklung}, {Anwendung}},
	isbn = {978-3-89864-785-4},
	shorttitle = {Data-{Warehouse}-{Systeme}},
	language = {ger},
	publisher = {dpunkt-Verl},
	editor = {Bauer, Andreas},
	year = {2013},
	file = {Table of Contents PDF:files/727/Bauer - 2013 - Data-Warehouse-Systeme Architektur, Entwicklung, .pdf:application/pdf},
}

@book{baars_business_2021,
	address = {Wiesbaden},
	title = {Business {Intelligence} \& {Analytics} – {Grundlagen} und praktische {Anwendungen}: {Ansätze} der {IT}-basierten {Entscheidungsunterstützung}},
	isbn = {978-3-8348-1958-1 978-3-8348-2344-1},
	shorttitle = {Business {Intelligence} \& {Analytics} – {Grundlagen} und praktische {Anwendungen}},
	url = {http://link.springer.com/10.1007/978-3-8348-2344-1},
	language = {de},
	urldate = {2022-04-16},
	publisher = {Springer Fachmedien Wiesbaden},
	author = {Baars, Henning and Kemper, Hans-Georg},
	year = {2021},
	doi = {10.1007/978-3-8348-2344-1},
	file = {Baars und Kemper - 2021 - Business Intelligence & Analytics – Grundlagen und.pdf:files/732/Baars und Kemper - 2021 - Business Intelligence & Analytics – Grundlagen und.pdf:application/pdf},
}

@incollection{schweickart_wertorientierte_2006,
	address = {Berlin/Heidelberg},
	title = {Wertorientierte {Management}-{Incentivesysteme} auf {Basis} interner {Wertkennzahlen} und {Bonusbanken}},
	isbn = {978-3-540-25868-1},
	url = {http://link.springer.com/10.1007/3-540-30979-9_23},
	language = {de},
	urldate = {2022-04-17},
	booktitle = {Wertorientiertes {Management}},
	publisher = {Springer-Verlag},
	author = {Plaschke, Frank J.},
	editor = {Schweickart, Nikolaus and Töpfer, Armin},
	year = {2006},
	doi = {10.1007/3-540-30979-9_23},
	pages = {561--583},
}

@book{stewart_quest_1991,
	address = {New York, N.Y.},
	title = {The quest for value: a guide for senior managers},
	isbn = {978-0-88730-418-7},
	shorttitle = {The quest for value},
	publisher = {HarperBusiness},
	author = {Stewart, G. Bennett},
	year = {1991},
	keywords = {Cash flow, Corporations, Valuation},
}

@book{rappaport_shareholder_1995,
	address = {Stuttgart},
	title = {Shareholder value: {Wertsteigerung} als {Maßstab} für die {Unternehmensführung}},
	isbn = {978-3-7910-0835-6},
	shorttitle = {Shareholder value},
	language = {ger},
	publisher = {Schäffer-Poeschel},
	author = {Rappaport, Alfred and Rappaport, Alfred},
	year = {1995},
	file = {Table of Contents PDF:files/738/Rappaport und Rappaport - 1995 - Shareholder value Wertsteigerung als Maßstab für .pdf:application/pdf},
}

@incollection{strauch_bernhard_winter_robert_vorgehensmodell_2002,
	title = {Vorgehensmodell für die {Informationsbedarfsanalyse} im {Data} {Warehousing}},
	booktitle = {Vom {Data} {Warehouse} zum {Corporate} {Knowledge} {Center}},
	publisher = {Springer},
	author = {Strauch, Bernhard; Winter, Robert},
	year = {2002},
	pages = {359--378},
	file = {Strauch, Bernhard\; Winter, Robert - 2002 - Vorgehensmodell für die Informationsbedarfsanalyse.pdf:files/739/Strauch, Bernhard\; Winter, Robert - 2002 - Vorgehensmodell für die Informationsbedarfsanalyse.pdf:application/pdf},
}

@incollection{noauthor_notitle_nodate,
}
